@inproceedings{jarschel2011evaluation,
  title={An evaluation of QoE in cloud gaming based on subjective tests},
  author={Jarschel, Michael and Schlosser, Daniel and Scheuring, Sven and Ho{\ss}feld, Tobias},
  booktitle={Innovative Mobile and Internet Services in Ubiquitous Computing (IMIS), 2011 Fifth International Conference on},
  pages={330--335},
  year={2011},
  organization={IEEE}
}

@inproceedings{claypool2006effects,
  title={The effects of frame rate and resolution on users playing first person shooter games},
  author={Claypool, Mark and Claypool, Kajal and Damaa, Feissal},
  booktitle={Electronic Imaging 2006},
  pages={607101--607101},
  year={2006},
  organization={International Society for Optics and Photonics}
}

@inproceedings{pathania2014integrated,
  title={Integrated cpu-gpu power management for 3d mobile games},
  author={Pathania, Anuj and Jiao, Qing and Prakash, Aravind and Mitra, Tulika},
  booktitle={Design Automation Conference (DAC), 2014 51st ACM/EDAC/IEEE},
  pages={1--6},
  year={2014},
  organization={IEEE}
}

@article{claypool2006latency,
  title={Latency and player actions in online games},
  author={Claypool, Mark and Claypool, Kajal},
  journal={Communications of the ACM},
  volume={49},
  number={11},
  pages={40--45},
  year={2006},
  publisher={ACM}
}